% Encoding: UTF-8
%-------------------------------
%Sem problemas abaixo
@article{Rykova1971,
  title={Physical properties of the solid solutions {Cr}$_5${Ge}$_{3-x}${Si}$_x$},
  author={Rykova, MA and Sabirzyanov, AV and Zagryazhskii, VL and Geld, PV},
  journal={Inorganic Materials},
  volume={7},
  pages={835--838},
  year={1971}
}

@Article{Bewlay2003,
  author  = {B.P. Bewlay and M.R. Jackson and J.C. Zhao and P.R. Subramanian},
  title   = {A Review and of Very-High-Temperature and {Nb}-Silicide-Based and Composites},
  journal = {Metallurgical and Materials Transactions A},
  year    = {2003},
  volume  = {34A},
  pages   = {2043-2052},
}

@book{Griffiths2018,
  title={Introduction to quantum mechanics},
  author={Griffiths, David J and Schroeter, Darrell F},
  year={2018},
  address={USA},
  publisher={Cambridge University Press}
}

@article{Schrodinger1926,
  title={An undulatory theory of the mechanics of atoms and molecules},
  author={Schr{\"o}dinger, Erwin},
  journal={Physical review},
  volume={28},
  number={6},
  pages={1049},
  year={1926},
}

@article{Jeitschko1964,
  title={Verbindungen vom {T}yp {T}$_5${M}$_3${X}},
  author={Jeitschko, W and Nowotny, H and Benesovsky, F},
  journal={Monatshefte f{\"u}r Chemie und verwandte Teile anderer Wissenschaften},
  volume={95},
  number={4-5},
  pages={1242--1246},
  year={1964},
}

@article{Kreutzer2016,
  title={Assessment of different basis sets and {DFT} functionals for the calculation of structural parameters, vibrational modes and ligand binding energies of {Zr}$_4${O}$_2$ (carboxylate) 12 clusters},
  author={Kreutzer, Johannes and Blaha, Peter and Schubert, Ulrich},
  journal={Computational and Theoretical Chemistry},
  volume={1084},
  pages={162--168},
  year={2016},
}

@Article{Andersson2002a,
  author    = {Andersson, Jan-Olof and Helander, Thomas and H{\"o}glund, Lars and Shi, Pingfang and Sundman, Bo},
  title     = {Thermo-Calc and DICTRA, computational tools for materials science},
  journal   = {Calphad},
  year      = {2002},
  volume    = {26},
  number    = {2},
  pages     = {273--312},
}

@article{Steinmetz1976,
  title={{\'E}tude de la diffusion dans des couples du syst{\`e}me ternaire {Mo}-{V}-{Si}},
  author={Steinmetz, P and Roques, B and Pichoir, R},
  journal={Journal of the Less Common Metals},
  volume={48},
  number={2},
  pages={225--240},
  year={1976},
}

@article{Nowotny1953,
  title={Der Aufbau einiger Silizidsysteme von {\"U}bergangsmetallen},
  author={Nowotny, H and Schroth, H and Kieffer, R and Benesovsky, F},
  journal={Monatshefte f{\"u}r Chemie/Chemical Monthly},
  volume={84},
  number={3},
  pages={579--584},
  year={1953},
}
%----------------------------
%Sem problemas acima

@incollection{Kocherzhinsky1972,
  title={Differential thermocouple up to 2450${}^\circ${C} and thermographic investigation of refractory silicides},
  author={Kocherzhinsky, Ju A},
  address={Basel},
  publisher={Springer},
  booktitle={Advances in Instrumentation},
  pages={549--559},
  year={1972}
}

@article{Goldschmidt1961,
  title={The constitution of the chromium-niobium-silicon system},
  author={Goldschmidt, H. J. and Brand, J. A.},
  journal={Journal of the Less Common Metals},
  volume={3},
  number={1},
  pages={34--43},
  year={1961},
}

@article{Wang2013,
  title={Phase stability and elastic properties of chromium borides with various stoichiometries},
  author={Wang, Bing and Wang, De Yu and Cheng, Zhenxiang and Wang, Xiaolin and Wang, Yuan Xu},
  journal={Chem. Phys.},
  volume={14},
  number={6},
  pages={1245--1255},
  year={2013},
}

@Article{Blum1953,
  author  = {P. Blum and F. Bertaut},
  title   = {Etude des borures de chrome},
  journal = {Comptes Rendus Hebdomadaires des S\'eances de l\'Acad\'emie des Sciences},
  year    = {1953},
  volume  = {236},
  number  = {1884-1965},
}

@article{Villars1995,
  title={Handbook of ternary phase alloys},
  author={Villars, P and Prince, A and Okamoto, H},
  journal={ASM International, Materials Park Ohio},
  volume={8903},
  year={1995}
}

@article{Supercell2016,
  title={Supercell program: a combinatorial structure-generation approach for the local-level modeling of atomic substitutions and partial occupancies in crystals},
  author={Okhotnikov, Kirill and Charpentier, Thibault and Cadars, Sylvian},
  journal={Journal of cheminformatics},
  volume={8},
  number={1},
  pages={17},
  year={2016},
}

@Article{Vanderbilt1990,
  author  = {Vanderbilt, David},
  title   = {Soft self-consistent pseudopotentials in a generalized eigenvalue formalism},
  journal = {Physical Review B},
  year    = {1990},
  volume  = {41},
  pages   = {7892-7895},
}

@Article{Giannozzi2009,
  author       = {Giannozzi, Paolo and Baroni, Stefano and Bonini, Nicola and Calandra, Matteo and Car, Roberto and Cavazzoni, Carlo and {Davide Ceresoli} and Chiarotti, Guido L. and Cococcioni, Matteo and Dabo, Ismaila and Corso, Andrea Dal and Gironcoli, Stefano de and Fabris, Stefano and Fratesi, Guido and Gebauer, Ralph and Gerstmann, Uwe and Gougoussis, Christos and {Anton Kokalj} and Lazzeri, Michele and Martin-Samos, Layla and Marzari, Nicola and Mauri, Francesco and Mazzarello, Riccardo and {Stefano Paolini} and Pasquarello, Alfredo and Paulatto, Lorenzo and Sbraccia, Carlo and Scandolo, Sandro and Sclauzero, Gabriele and Seitsonen, Ari P. and Smogunov, Alexander and Umari, Paolo and Wentzcovitch, Renata M.},
  title        = {{QUANTUM} {ESPRESSO}: a modular and open-source software project for quantum simulations of materials},
  volume       = {21},
  pages        = {395502},
  year         = {2009},
  journal = {Journal of Physics: Condensed Matter},
}

@Article{Saal2013,
  author  = {J. E. Saal and S. Kirklin and M. Aykol and B. Meredig and C. Wolverton},
  title   = {Materials Design and Discovery with High-Throughput Density Functional Theory: The Open Quantum Materials Database ({OQMD})},
  journal = {JOM},
  year    = {2013},
  volume  = {65},
  number  = {1501-1509},
}

@Article{Kirklin2015,
  author    = {Scott Kirklin and James E Saal and Bryce Meredig and Alex Thompson and Jeff W Doak and Muratahan Aykol and Stephan R�hl and Chris Wolverton},
  title     = {The Open Quantum Materials Database ({OQMD}): assessing the accuracy of {DFT} formation energies},
  journal   = {Computational Materials},
  year      = {2015},
  volume    = {1},
  number    = {1},
  month     = {dec.},
}

@article{Tobbens2001,
  title={E9: the new high-resolution neutron powder diffractometer at the {B}erlin neutron scattering center},
  author={T{\"o}bbens, DM and St{\"u}{\ss}er, N and Knorr, K and Mayer, HM and Lampert, G},
  journal={Materials Science Forum},
  volume={378},
  pages={288--293},
  year={2001}
}


@article{Kugler1983,
  title={Study of {X}-ray diffraction in magnetostrictive distortion waves in chromium-amplitude and temperature dependence},
  author={Kugler, W and Knorr, K and Prandl, W},
  journal={Zeitschrift fur {K}ristallographie},
  volume={162},
  number={1-4},
  pages={151--153},
  year={1983}
}

@Unpublished{Klaus2006,
  author = {Klaus Capelle},
  title  = {A Bird's-Eye View of Density-Functional Theory},
  month  = {nov.},
  year   = {2006},
}

@Article{Chena2009,
  author  = {Hailin Chena and Yong Dub and Julius C. Schuster},
  title   = {On the melting of {Cr}$_5${Si}$_3$ and update of the thermodynamic description of {Cr}-{Si}},
  journal = {Calphad},
  year    = {2009},
  volume  = {33},
  pages   = {211-214},
}

@article{Hu2014,
  title={The Wyckoff positional order and polyhedral intergrowth in the {M}$_3${B}$_2$-and {M}$_5${B}$_3$-type boride precipitated in the {Ni}-based superalloys},
  author={Hu, XB and Zhu, YL and Sheng, NC and Ma, XL},
  journal={Scientific reports},
  volume={4},
  pages={7367},
  year={2014},
}

@Article{Raj1995,
  author   = {S. V. Raj},
  title    = {An evaluation of the properties of {Cr}$_3${S}i alloyed with {Mo}},
  journal  = {Materials Science and Engineering},
  year     = {1995},
  volume   = {A201},
  pages    = {229-241},
}


@Article{Chen2009,
  author    = {Chen, HM and Qi, HY and Zheng, F and Liu, LB and Jin, ZP},
  title     = {Thermodynamic assessment of the {B}--{C}--{Si} system},
  journal   = {Journal of Alloys and Compounds},
  year      = {2009},
  volume    = {481},
  number    = {1},
  pages     = {182--189},
}

@Article{Coughanowr1994,
  author    = {Coughanowr, Corinne A and Ansara, Ibrahim and Lukas, Hans Leo},
  title     = {Assessment of the {C}r--{S}i System},
  journal   = {Calphad},
  year      = {1994},
  volume    = {18},
  number    = {2},
  pages     = {125--140},
}

@Article{Perdew1986,
  author  = {J. P. Perdew and Y. Wang},
  title   = {Accurate and simple density functional theory for the electronic exchange energy: Generalized gradient approximation},
  journal = {Physical Review},
  year    = {1986},
  volume  = {33},
  pages   = {8800–8802},
}

@Article{PBE1996,
  author  = {J. P. Perdew and K. Burke and M. Ernzerhof},
  title   = {Generalized Gradient Approximation made simple},
  journal = {Physical Review Letters},
  year    = {1996},
  volume  = {77},
  pages   = {3865–3868},
}

@Article{Lejaeghere2016,
  author  = {Lejaeghere, Kurt and Bihlmayer, Gustav and Bj{\"o}rkman, Torbj{\"o}rn and Blaha, Peter and Bl{\"u}gel, Stefan and Blum, Volker and Caliste, Damien and Castelli, Ivano E. and Clark, Stewart J. and Dal Corso, Andrea and de Gironcoli, Stefano and Deutsch, Thierry and Dewhurst, John Kay and Di Marco, Igor and Draxl, Claudia and Du{\l}ak, Marcin and Eriksson, Olle and Flores-Livas, Jos{\'e} A. and Garrity, Kevin F. and Genovese, Luigi and Giannozzi, Paolo and Giantomassi, Matteo and Goedecker, Stefan and Gonze, Xavier and Gr{\r a}n{\"a}s, Oscar and Gross, E. K. U. and Gulans, Andris and Gygi, Fran{\c c}ois and Hamann, D. R. and Hasnip, Phil J. and Holzwarth, N. A. W. and Iu{\c s}an, Diana and Jochym, Dominik B. and Jollet, Fran{\c c}ois and Jones, Daniel and Kresse, Georg and Koepernik, Klaus and K{\"u}{\c c}{\"u}kbenli, Emine and Kvashnin, Yaroslav O. and Locht, Inka L. M. and Lubeck, Sven and Marsman, Martijn and Marzari, Nicola and Nitzsche, Ulrike and Nordstr{\"o}m, Lars and Ozaki, Taisuke and Paulatto, Lorenzo and Pickard, Chris J. and Poelmans, Ward and Probert, Matt I. J. and Refson, Keith and Richter, Manuel and Rignanese, Gian-Marco and Saha, Santanu and Scheffler, Matthias and Schlipf, Martin and Schwarz, Karlheinz and Sharma, Sangeeta and Tavazza, Francesca and Thunstr{\"o}m, Patrik and Tkatchenko, Alexandre and Torrent, Marc and Vanderbilt, David and van Setten, Michiel J. and Van Speybroeck, Veronique and Wills, John M. and Yates, Jonathan R. and Zhang, Guo-Xu and Cottenier, Stefaan},
  title   = {Reproducibility in density functional theory calculations of solids},
  journal = {Science},
  year    = {2016},
  volume  = {351},
  number  = {6280},
}

@article{Hohenberg1964,
	year = 1964,
	month = {nov.},
	volume = {136},
	number = {3B},
	pages = {B864--B871},
	author = {P. Hohenberg and W. Kohn},
	title = {Inhomogeneous Electron Gas},
	journal = {Physical Review}
}

@article{Kohn1965,
  title={Self-consistent equations including exchange and correlation effects},
  author={Kohn, Walter and Sham, Lu Jeu},
  journal={Physical review},
  volume={140},
  number={4A},
  pages={A1133},
  year={1965},
}

@article{Rodriguez1992,
  title={FullProf-Manual},
  author={Rodriguez-Carvajal, J and Roisnel, Th},
  journal={Grenoble, France: Institute Laue-Langevin},
  year={1992}
}

@article{Rietveld1969,
  title={A profile refinement method for nuclear and magnetic structures},
  author={Rietveld, HaM},
  journal={Journal of applied Crystallography},
  volume={2},
  number={2},
  pages={65--71},
  year={1969}
}

@article{Kraus1996,
  title={Powdercell--a program for the representation and manipulation of crystal structures and calculation of the resulting {X}-ray powder patterns},
  author={Kraus, Werner and Nolze, Gert},
  journal={Journal of Applied Crystallography},
  volume={29},
  number={3},
  pages={301--303},
  year={1996}
}

@Article{Murnaghan1944,
  author  = {F. Murnaghan},
  title = {The compressibility of media under extreme pressures},
  journal = {Proceedings of the National Academy of Sciences	},
  year    = {1944},
  volume  = {85},
  pages   = {244-247},
}

@monography{Dorini2017,
author={T. T. Dorini},
pages={66},
school={Escola de Engenharia de Lorena, Universidade de S\~ao Paulo},
title={Estudo da estabilidade do composto Cr$_3$Si usando c\'alculos ab-initio},
type={Trabalho de Conclus\~ao de Curso em Engenharia de Materiais},
year={2017}
}

@TechReport{Gilberto2010,
  author      = {Gilberto Carvalho Coelho},
  title       = {Otimização termodinâmica do sistema {Cr}--{Si}--{B}},
  institution = {EEL-USP},
  year        = {2010},
  type        = {Relat�rio Final FAPESP 2006/07003-1},
}


@Book{Martin2008,
  title     = {Electronic Structure: basic theory and practical methods},
  publisher = {Cambridge},
  year      = {2008},
  author    = {R.M. Martin},
}

%------------------------------------

@Book{Reed2006,
  title     = {The Superalloys - Fundamentals and Applications},
  publisher = {Cambridge University Press},
  year      = {2006},
  author    = {Roger C. Reed},
  editor    = {Cambridge},
  address   = {Cambridge},
}

@Book{Okamoto1995,
  title   = {Handbook of ternary alloy phase diagrams},
  year    = {1995},
  author  = {P. Villars and A. Prince and H. Okamoto},
  volume  = {10},
  number  = {5537},
  edition = {10},
}

@Article{Alberts1994,
  author  = {H. L. Alberts and E. Fawcett and V. Yu. Galkin and D. R. Noakes and J. V. Yakhmi},
  title   = {Spin-density-wave antiferromagnetism in chromium alloys},
  journal = {Reviews of Modern Physics},
  year    = {1994},
  volume  = {66},
  pages   = {25-127},
}

@article{Chuvashova2017,
  title={High-pressure behavior of $\alpha$-boron studied on single crystals by X-ray diffraction, Raman and IR spectroscopy},
  author={Chuvashova, Irina and Bykova, Elena and Bykov, Maxim and Svitlyk, Volodymyr and Gasharova, Biliana and Mathis, Yves-Laurent and Caracas, Razvan and Dubrovinsky, Leonid and Dubrovinskaia, Natalia},
  journal={Journal of Solid State Chemistry},
  volume={245},
  pages={50--60},
  year={2017},
}

@Book{Suzana2007,
  title     = {Computational Thermodynamics},
  publisher = {Cambridge University Press},
  year      = {2007},
  author    = {Hans Leo Lukas and Suzana G. Fries and Bo Sundman},
  editor    = {Cambridge},
  address   = {Cambridge},
}

@Article{Fawcett1988,
  author  = {Eric Fawcett},
  title   = {Spin-density-wave antiferromagnetism in chromium},
  journal = {Reviews of Modern Physics},
  year    = {1988},
  volume  = {60},
  number  = {272},
  pages   = {209-283},
}

@Article{Westbrook2003,
  author  = {J.C. Zhao and J.H. Westbrook},
  title   = {Ultrahigh Temperature Materials for Jet Engines},
  journal = {MRS Bulletin},
  year    = {2003},
  pages   = {622-630},
}

@Article{Schuster2000,
  author  = {Yong Du and Julius C. Schuster},
  title   = {Experimental Reinvestigation of the {CrSi}-{Si} Partial System and Update of the Thermodynamic Description of the Entire {Cr}-{Si} System},
  journal = {Journal of Phase Equilibria},
  year    = {2000},
  volume  = {21},
  pages   = {281-286},
}

@Article{Kleppa1998,
  author   = {S.V. Meschel and O.J. Kleppa},
  title    = {Standard enthalpies of formation of some 3d transition metal silicides by high temperature direct synthesis calorimetry},
  journal  = {Journal of Alloys and Compounds},
  year     = {1998},
  volume   = {267},
  pages    = {128-135},
}

@PhdThesis{Villela2011,
  author = {Tales Ferreira Villela},
  title  = {Modelagem termodinâmica do sistema {Cr}--{Si}--{B} e avaliação experimental de pontos críticos na região rica em cromo. 2011. 199f},
  school = {Escola de Engenharia de Lorena, Universidade de São Paulo, Lorena},
  year   = {2011},
  type   = {Doutorado em Ci\^encias},
}

@PhdThesis{Chad2008,
  author = {Vanessa M. Chad},
  title  = {Avaliação experimental da seção isot\'ermica a 1200${}^\circ${C} e da projeção liquidus na região rica em {C}r do sistema {C}r--{S}i--{B}. 2008. 115f},
  school = {Escola de Engenharia de Lorena, Universidade de São Paulo, Lorena},
  year   = {2008},
  type = {Doutorado em Ci\^encias},
}

@Article{Hallstedt2006,
  author   = {Bengt Hallstedt and Denis Music and Zhimei Sun},
  title    = {Thermodynamic evaluation of the {Al}--{Cr}--{C} system},
  journal  = {International Journal of Materials Research},
  year     = {2006},
  volume   = {97},
  pages    = {539-542},
}

%---------------------------
%Acima com problemas





@Article{Tojo2010,
  author    = {Tojo, Masayuki and Tokunaga, Tatsuya and Ohtani, Hiroshi and Hasebe, Mitsuhiro},
  title     = {Thermodynamic analysis of phase equilibria in the {C}r--{M}o--{B} ternary system},
  journal   = {Calphad},
  year      = {2010},
  volume    = {34},
  number    = {3},
  pages     = {263--270},
}

@Article{Fawcett1994,
  author    = {Fawcett, E. and Alberts, H. L. and Galkin, V. Yu. and Noakes, D. R. and Yakhmi, J. V.},
  title     = {Spin-density-wave antiferromagnetism in chromium alloys},
  journal   = {Review of Modern Physics},
  year      = {1994},
  volume    = {66},
  issue     = {1},
  month     = {jan.},
  pages     = {25--127},
}

@Article{Nowotny1958,
  author    = {Nowotny, Hans and Wittmann, A},
  title     = {Zur Struktur der metallreichen Borid-Phase bei {V}, {N}b und {T}a},
  journal   = {Monatshefte fur Chemie},
  year      = {1958},
  volume    = {89},
  number    = {2},
  pages     = {220--224},
}









%-------------------------------------------------------------------------------------------------------------------
%Sem problemas daqui pra frente

@Article{Andersson2002,
  author  = {J-O Andersson and Thomas Helander and Lars Hoglund and Pingfang Shi and Bo Sundman},
  title   = {Thermo-{C}alc \& {D}ICTRA, computational tools for materials science},
  journal = {Calphad},
  year    = {2002},
  volume  = {26},
  pages   = {273-312},
}

@Article{Hillert2001,
  author  = {Hillert, M.},
  title   = {The {C}ompound {E}nergy {F}ormalism},
  journal = {Journal of Alloys and Compounds},
  year    = {2001},
  volume  = {320},
  pages   = {161--176},
}

@Article{Kresse1996,
  Title                    = {Efficient iterative schemes for ab initio total-energy calculations using a plane-wave basis set},
  Author                   = {Kresse, G. and Furthm\"uller, J.},
  Journal                  = {Physical Review B},
  Year                     = {1996},
  Pages                    = {11169},
  Volume                   = {54}
}

@article{Eremenko1972,
	year = 1972,
	month = {jul.},
	volume = {11},
	number = {7},
	pages = {563--567},
	author = {V. N. Eremenko and G. M. Lukashenko and V. R. Sidorko and A. M. Khar'kova},
	title = {Thermodynamic properties of chromium silicides},
	journal = {Soviet Powder Metallurgy and Metal Ceramics}
}

@article{Lukashenko1986,
	year = 1986,
	month = {sep.},
	volume = {25},
	number = {9},
	pages = {763--765},
	author = {G. M. Lukashenko and V. R. Sidorko and L. M. Yupko},
	title = {Thermodynamic properties of chromium silicides},
	journal = {Soviet Powder Metallurgy and Metal Ceramics}
}

@article{Chart1975,
	year = 1975,
	month = {jan.},
	volume = {9},
	number = {1},
	pages = {504--509},
	author = {T. G. Chart},
	title = {Thermodynamic Properties of the Tungsten--Silicon and Chromium--Silicon Systems},
	journal = {Metal Science}
}

@article{Brukl1961,
  title={Untersuchungen in den Dreistoffsystemen: {V}--{A}l--{S}i, {N}b--{A}l--{S}i, {C}r--{A}l--{S}i, {M}o--{A}l--{S}i bzw. {C}r ({Mo})--{A}l--{S}i},
  author={Brukl, C and Nowotny, H and Benesovsky, F},
  journal={Monatshefte f{\"u}r Chemie und verwandte Teile anderer Wissenschaften},
  volume={92},
  number={5},
  pages={967--980},
  year={1961},
}

@article{deBoer1982,
	year = 1982,
	month = {mar.},
	volume = {113},
	number = {1},
	pages = {18--41},
	author = {F.R. de Boer and R. Boom and A.R. Miedema},
	title = {Enthalpies of formation of liquid and solid binary alloys based on 3d metals},
	journal = {Physica B}
}

@article{Dauben1956,
  title={The crystal structure of {Cr}$_5${Si}$_3$},
  author={Dauben, Carol H and Templeton, DH and Myers, C},
  journal={The Journal of Physical Chemistry},
  volume={60},
  number={4},
  pages={443--445},
  year={1956},
}

@article{Tillard2011,
  title={New Nickel Gallium Boride, {B}$_{14}${Ga}$_3${Ni}$_{27}$: Synthesis and Crystal Structure},
  author={Tillard, Monique and Belin, Claude},
  journal={Inorganic Chemistry},
  volume={50},
  number={9},
  pages={3907--3912},
  year={2011},
}

@article{Mbarki2013,
  title={Nb$_2${Os}{B}$_2$, with a new twofold superstructure of the {U}$_3${Si}$_2$ type: Synthesis, crystal chemistry and chemical bonding},
  author={Mbarki, Mohammed and Touzani, Rachid St and Fokwa, Boniface PT},
  journal={Journal of Solid State Chemistry},
  volume={203},
  pages={304--309},
  year={2013},
}

@Article{Nunes2012,
  author  = {J.-M. Joubert and C.Colinet and G.Rodrigues and P.A.Suzuki and C.A.Nunes and G.C.Coelho and J.-C.Tedenac},
  title   = {The {T}2 phase in the {Nb}--{Si}--{B} system studied by \textit{ab-initio} calculations and synchrotron X-ray diffraction},
  journal = {Journal of Solid State Chemistry},
  year    = {2012},
  pages = {111-117},
  volume = {190},
}

@Article{Campbell2002,
  author  = {C. E. Campbell and U. R. Kattner},
  title   = {Assessment of the {Cr}-{B} System and Extrapolation to the {Ni}-{Al}-{Cr}-{B} Quaternary System},
  journal = {Calphad},
  year    = {2002},
  volume  = {26},
  pages   = {477-490},
}

@Article{Kolmogorov2014,
  author  = {Van Der Geest, A.G. and Kolmogorov, A.N.},
  title   = {Stability of 41 metal--boron systems at 0{GPa} and 30{GPa} from first principles},
  journal = {Calphad},
  year    = {2014},
  volume  = {46},
  pages   = {184-204},
}

@Article{Cui2017,
  author  = {Senlin Cui and In-Ho Jung},
  title   = {Thermodynamic assessments of the {C}r--{S}i and {A}l--{C}r--{S}i systems},
  journal = {Journal of Alloys and Compounds},
  year    = {2017},
  volume  = {708},
  pages   = {887-902},
}

@Article{Chang1968,
  author  = {Y. A. Chang},
  title   = {Phase relationships in the System Chromium-Silicon},
  journal = {Transactions of Nonferrous Metals Society of China},
  year    = {1968},
  volume  = {242},
  pages   = {1509-1515},
}

@article{Okada1987,
  title={Structural investigation of {Cr}$_2${B}$_3$, {Cr}$_3${B}$_4$, and {CrB} 
  by single-crystal diffractometry},
  author={Okada, Shigeru and Atoda, Tetsuzo and Higashi, Iwami},
  journal={Journal of Solid State Chemistry},
  volume={68},
  number={1},
  pages={61--67},
  year={1987},
}

@article{Colinet2014,
  title={First principles calculations of the stability of the {T}2 and {D}8$_8$ phases in 
  the {V}--{Si}--{B} system},
  author={Colinet, Catherine and Tedenac, Jean-Claude},
  journal={Intermetallics},
  volume={50},
  pages={108--116},
  year={2014},
}

@article{Garcia1988,
  title={Chemistry of polar intermetallic compounds. 
  Study of two zirconium-antimony ({Zr}$_5${Sb}$_3$) phases, hosts for a diverse interstitial chemistry},
  author={Garcia, Eduardo and Corbett, John D},
  journal={Inorganic Chemistry},
  volume={27},
  number={13},
  pages={2353--2359},
  year={1988},
}

@article{Gigolotti2008,
  title={Microstructural characterization of as-cast {Cr}--{B} alloys},
  author={Gigolotti, JCJ and Chad, VM and Faria, MIST and Coelho, GC and Nunes, CA and Suzuki, PA},
  journal={Materials Characterization},
  volume={59},
  number={1},
  pages={47--52},
  year={2008},
}

@article{Iizumi1992,
title = {Preparation of chromium borides by solid-state reaction between chromium 
and amorphous boron},
  author={Iizumi, K and Yoshikawa, N and Kouno, S and Okada, S and Kudaka, K and Lundstrom, T},
  journal={Nippon Kagaku Kaishi},
  number={11},
  pages={1320--1325},
  year={1992},
}

@article{Portnoi1969,
  title={Diagram of state of the chromium-boron system},
  author={Portnoi, KI and Romashov, VM and Romanovich, IV},
  journal={Powder Metallurgy and Metal Ceramics},
  volume={8},
  number={4},
  pages={298--302},
  year={1969},
}

@article{Massalski1990,
  title={Binary phase diagrams},
  author={Massalski, Thaddeus B and Murray, J. L.},
  journal={ASM International},
  year={1990},
}

@Article{Schneider2004,
  author  = {Jochen M. Schneider and Zhimei Sun and Raphael Mertens and Fatih Uestel and Rajeev Ahujac},
  title   = {Ab initio calculations and experimental determination of the structure of {Cr}$_2${Al}{C}},
  journal = {Solid State Communications},
  year    = {2004},
  volume  = {130},
  pages   = {445-449},
}

@Article{Turchi2007,
  author  = {P. E. A. Turchi and I. A. Abrikosov and B. Burton and S. G. Fries and G. Grimvall and L. Kaufman and P. Korzhavyi and V. R. Manga and M. Ohno and A. Pisch and A. Scott and W. Zhang},
  title   = {Interface between quantum-mechanical-based approaches, experiments, and {C}alphad methodology},
  journal = {Calphad},
  year    = {2007},
  volume  = {31},
  pages   = {4-27},
}

@article{Gokhale1987,
	doi = {10.1007/bf02893156},
	year = {1987},
	month = {oct.},
	volume = {8},
	number = {5},
	pages = {474--484},
	author = {A. B. Gokhale and G. J. Abbaschian},
	title = {The {Cr}-{Si} (Chromium-Silicon) system},
	journal = {Journal of Phase Equilibria},
}

@article{Liao1986,
	doi = {10.1007/bf02868996},
	year = {1986},
	month = {jun.},
	volume = {7},
	number = {3},
	pages = {232--237},
	author = {P. K. Liao and K. E. Spear},
	title = {The {B}-{Cr} (Boron-Chromium) system},
	journal = {Bulletin of Alloy Phase Diagrams},
}

@Article{Kuzma1982,
  author  = {O. N. Il'nitskaya and Y. B. Kuz'ma},
  title   = {Phase Equilibria in {Cr}--{P}--{Si} and {Mo}--{P}--{Si} Systems},
  journal = {Russian Journal of Inorganic Chemistry},
  year    = {1982},
  volume  = {27},
  pages   = {1538-1540},
}

@Article{Gianoglio1983,
  author  = {C. Gianoglio and G. Pradelli and M. Vallino},
  title   = {Solid state equilibria in the {Cr}--{Fe}--{B} system at the temperature of 1373K},
  journal = {Materials Science and Technology},
  year    = {1983},
  volume  = {1},
  pages   = {51-57},
}

@Article{Popa1975,
  author  = {E. Cruceanu and O. Ivanciu and M. Popa},
  title   = {Synthesis and low-temperature electrical properties of {C}r$_5${B}$_3$ and {C}r$_5${B}$_{3-x}${S}i$_x$},
  journal = {Journal of the Less-Commom Metals},
  year    = {1975},
  volume  = {41},
  pages   = {339-341},
}

@Article{Motojima1991,
  author   = {Motojima, S. and Itoh, C. and Iwanaga, H.},
  title    = {Crystal morphology of ternary compound ({Cr}, {Fe})$_5${Si}$_3$ obtained by in situ chemical vapour deposition},
  journal  = {Journal of Materials Science},
  year     = {1991},
  volume   = {26},
  number   = {6},
  pages    = {1467--1472},
  month    = {jan.},
  doi      = {10.1007/BF00544654},
}

@Article{Frilley1911,
  author  = {R. Frilley},
  title   = {Alloys of chromium and silicon},
  journal = {Revue de {M}\'etallurgie},
  year    = {1911},
  volume  = {8},
  pages   = {476},
}

@Article{Schroth1953,
  author  = {H. Nowotny and H. Schroth and R. Kieffer and F. Benesovsky},
  title   = {Der Aufbau einiger Silizidsysteme von Ulbergangsmetalien.},
  journal = {Physikalische, Anorganische und Analytische Chemie},
  year    = {1953},
  volume  = {84},
  number  = {3},
  pages   = {579-584},
}

@Article{Brand1961,
  author  = {H.J.Goldschmidt and J.A.Brand},
  title   = {The constitution of the chromium-niobium-silicon system},
  journal = {Journal of the Less Common Metals},
  year    = {1961},
  volume  = {3},
  number  = {1},
  pages   = {34-43},
}

@Article{Nabil2015,
  author  = {N. Chaia and N. David and J.M. Fiorani and S. Mathieu and M. Vilasi},
  title   = {Thermodynamic modeling of the {V}--{Cr}--{Si} system},
  journal = {CALPHAD: Computer Coupling of Phase Diagrams and Thermochemistry},
  year    = {2015},
  volume  = {48},
  pages   = {166-174},
}

@article{Du2000,
  title={Experimental Investigation and Thermodynamic Description of the Constitution of the Ternary System {Cr}-{Si}-{C}},
  author={Du, Yong and Schuster, Julius C and Perring, Loic},
  journal={Journal of the American Ceramic Society},
  volume={83},
  number={8},
  pages={2067--2073},
  year={2000},
}

@article{Parth1965,
	year = {1965},
	month = {dec.},
	volume = {19},
	number = {6},
	pages = {1031--1037},
	author = {E. Parth{\'{e}} and W. Jeitschko and V. Sadagopan},
	title = {A neutron diffraction study of the Nowotny phase {Mo}$_{45}${Si}$_3${C}$_{41}$},
	journal = {Acta Crystallographica},
}

@article{Corbett1998,
  title={Widespread interstitial chemistry of {Mn}$_5${Si}$_3$-type and related phases. Hidden impurities and opportunities},
  author={Corbett, John D and Garcia, Eduardo and Guloy, Arnold M and Hurng, Weir-Mirn and Kwon, Young-Uk and Leon-Escamilla, E Alejandro},
  journal={Chemistry of materials},
  volume={10},
  number={10},
  pages={2824--2836},
  year={1998},
}

@article{Thom2000,
	doi = {10.1016/s0925-8388(99)00533-2},
	year = 2000,
	month = {jan.},
	volume = {296},
	number = {1-2},
	pages = {59--66},
	author = {Andrew J. Thom and Victor G. Young and Mufit Akinc},
	title = {Lattice trends in {Ti}$_5${Si}$_3${Z}$_x$ ({Z}={B},{C},{N},{O} and 0<x<1)},
	journal = {Journal of Alloys and Compounds}
}

@Article{Benesovsk1964,
  author  = {W. Jeitschko and H. Nowotny and F. Benesovsk},
  title   = {Verbindungen vom Typ {T}$_5${M}$_3${X}},
  journal = {Monatshefte fur Chemie},
  year    = {1964},
  volume  = {95},
  pages   = {1242-1246},
}

@Article{Roques1976,
  author  = {P. Steinmetz and B. Roques and R. Pichoir},
  title   = {Étude de la diffusion dans des couples du systeme ternaire {Mo}-{V}-{Si}},
  journal = {Journal of the Less Common Metals},
  year    = {1976},
  volume  = {48},
  pages   = {225-240},
}

@Article{Okamoto1997,
  author  = {H. Okamoto},
  title   = {{Cr}-{Si} ({C}hromium-{S}ilicon)},
  journal = {Journal of Phase Equilibria},
  year    = {1997},
  volume  = {18},
  pages   = {222},
}

@Article{Faria2008,
  author  = {V.M. Chad and M.I.S.T. Faria and G.C. Coelho and C.A. Nunes and P.A. Suzuki},
  title   = {Microstructural characterization of as-cast {Cr}--{Si} alloys},
  journal = {Materials Characterization},
  year    = {2008},
  volume  = {59},
  pages   = {74-78},
}

@Article{Giannozzi_2009,
  author    = {Paolo Giannozzi and Stefano Baroni and Nicola Bonini and Matteo Calandra and Roberto Car and Carlo Cavazzoni and Davide Ceresoli and Guido L Chiarotti and Matteo Cococcioni and Ismaila Dabo and Andrea Dal Corso and Stefano de Gironcoli and Stefano Fabris and Guido Fratesi and Ralph Gebauer and Uwe Gerstmann and Christos Gougoussis and Anton Kokalj and Michele Lazzeri and Layla Martin-Samos and Nicola Marzari and Francesco Mauri and Riccardo Mazzarello and Stefano Paolini and Alfredo Pasquarello and Lorenzo Paulatto and Carlo Sbraccia and Sandro Scandolo and Gabriele Sclauzero and Ari P Seitsonen and Alexander Smogunov and Paolo Umari and Renata M Wentzcovitch},
  title     = {{QUANTUM} {ESPRESSO}: a modular and open-source software project for quantum simulations of materials},
  journal   = {Journal of Physics: Condensed Matter},
  year      = {2009},
  volume    = {21},
  number    = {39},
  pages     = {395502},
  month     = {sep.},
}

@Comment{jabref-meta: databaseType:bibtex;}
